@article{einstein,
  author =       "Albert Einstein",
  title =        "{Zur Elektrodynamik bewegter K{\"o}rper}. ({German})
                 [{On} the electrodynamics of moving bodies]",
  journal =      "Annalen der Physik",
  volume =       "322",
  number =       "10",
  pages =        "891--921",
  year =         "1905",
  DOI =          "http://dx.doi.org/10.1002/andp.19053221004"
}

@book{latexcompanion,
    author    = "Michel Goossens and Frank Mittelbach and Alexander Samarin",
    title     = "The \LaTeX\ Companion",
    year      = "1993",
    publisher = "Addison-Wesley",
    address   = "Reading, Massachusetts"
}
 
@misc{knuthwebsite,
    author    = "Donald Knuth",
    title     = "Knuth: Computers and Typesetting",
    url       = "http://www-cs-faculty.stanford.edu/\~{}uno/abcde.html"
}

@inproceedings{nguyen2000effective,
  title={Effective Space Project Management},
  author={Nguyen, Nghi M and others},
  booktitle={Proc. of the Project Management Institute Annual Seminars \& Symp.(Houston, Texas, USA,)},
  year={2000}
}

@misc{managementecss,
    author    = "ECSS Secretariat",
    title = "ECSS-M-30-01A Space project management. Organization and conduct of reviews",
    year = "1999",
    publisher = "ESA Publications Division",
    address = "ESTEC, PO Box 299, 2200 AG Noordwijk"
}

@book{kapurch2010nasa,
  title={NASA systems engineering handbook},
  author={Kapurch, Stephen J},
  year={2010},
  publisher={Diane Publishing}
}

@book{vallado2001fundamentals,
  title={Fundamentals of astrodynamics and applications},
  author={Vallado, David A},
  volume={12},
  year={2001},
  publisher={Springer Science \& Business Media}
}

@book{armenise2010advances,
  title={Advances in gyroscope technologies},
  author={Armenise, Mario N and Ciminelli, Caterina and Dell'Olio, Francesco and Passaro, Vittorio MN},
  year={2010},
  publisher={Springer Science \& Business Media}
}

@article{bernstein2003overview,
  title={An overview of MEMS inertial sensing technology},
  author={Bernstein, Jonathan and others},
  journal={Sensors},
  volume={20},
  number={2},
  pages={14--21},
  year={2003}
}

@article{kapeelmodeling,
  title={Modeling and Simulation of Low Cost MEMS Gyroscope Using MATLAB (SIMULINK) for UAV Autopilot Design},
  author={Kapeel, Ebrahim H and Kamel, Ahmed M},
  year={2019}
}

@article{gomes2007real,
  title={Real time orbit determination using GPS navigation solution},
  author={Gomes, Vivian M and Kuga, Helio K and Chiaradia, Ana Paula M},
  journal={Journal of the Brazilian Society of Mechanical Sciences and Engineering},
  volume={29},
  number={3},
  pages={274--278},
  year={2007},
  publisher={SciELO Brasil}
}

@book{schutz2004statistical,
  title={Statistical Orbit Determination},
  author={Schutz, B. and Tapley, B. and Born, G.H.},
  isbn={9780080541730},
  url={https://books.google.pl/books?id=Ct3qN1VCHewC},
  year={2004},
  publisher={Elsevier Science}
}
