@article{einstein,
  author =       "Albert Einstein",
  title =        "{Zur Elektrodynamik bewegter K{\"o}rper}. ({German})
                 [{On} the electrodynamics of moving bodies]",
  journal =      "Annalen der Physik",
  volume =       "322",
  number =       "10",
  pages =        "891--921",
  year =         "1905",
  DOI =          "http://dx.doi.org/10.1002/andp.19053221004"
}

@book{latexcompanion,
    author    = "Michel Goossens and Frank Mittelbach and Alexander Samarin",
    title     = "The \LaTeX\ Companion",
    year      = "1993",
    publisher = "Addison-Wesley",
    address   = "Reading, Massachusetts"
}
 
@misc{knuthwebsite,
    author    = "Donald Knuth",
    title     = "Knuth: Computers and Typesetting",
    url       = "http://www-cs-faculty.stanford.edu/\~{}uno/abcde.html"
}

@inproceedings{nguyen2000effective,
  title={Effective Space Project Management},
  author={Nguyen, Nghi M and others},
  booktitle={Proc. of the Project Management Institute Annual Seminars \& Symp.(Houston, Texas, USA,)},
  year={2000}
}

@misc{managementecss,
    author    = "ECSS Secretariat",
    title = "ECSS-M-30-01A Space project management. Organization and conduct of reviews",
    year = "1999",
    publisher = "ESA Publications Division",
    address = "ESTEC, PO Box 299, 2200 AG Noordwijk"
}

@book{kapurch2010nasa,
  title={NASA systems engineering handbook},
  author={Kapurch, Stephen J},
  year={2010},
  publisher={Diane Publishing}
}
